@book{TigerBook:2002,
    title={{M}odern {C}ompiler {I}mplementation in {J}ava},
    author={Andrew W Appel},
    year={2002},
    publisher={Cambridge University Press},
    edition={2nd},
    pages={501}
}

@INPROCEEDINGS{Reis:2005,
	author = {Gabriel Dos Reis},
	title = {What is generic programming},
	booktitle = {In LibraryCentric Software Design, OOPSLA workshop},
	year = {2005}
}

@inproceedings{Musser:1988,
	author = {Musser, David R. and Stepanov, Alexander A.},
	title = {Generic Programming},
	booktitle = {Proceedings of the International Symposium ISSAC'88 on Symbolic and Algebraic Computation},
	series = {ISAAC '88},
	year = {1989},
	isbn = {3-540-51084-2},
	pages = {13--25},
	numpages = {13},
	acmid = {690581},
	publisher = {Springer-Verlag},
	address = {London, UK, UK},
} 

@inproceedings{Bird:1998,
	author = {Bird, Richard S. and Meertens, Lambert G. L. T.},
	title = {Nested Datatypes},
	booktitle = {Proceedings of the Mathematics of Program Construction},
	series = {MPC '98},
	year = {1998},
	isbn = {3-540-64591-8},
	pages = {52--67},
	numpages = {16},
	acmid = {747162},
	publisher = {Springer-Verlag},
	address = {London, UK, UK},
} 

@inproceedings{Gibbons:2006,
	author = {Gibbons, Jeremy},
	title = {Datatype-generic Programming},
	booktitle = {Proceedings of the 2006 International Conference on Datatype-generic Programming},
	series = {SSDGP'06},
	year = {2007},
	isbn = {3-540-76785-1, 978-3-540-76785-5},
	location = {Nottingham, UK},
	pages = {1--71},
	numpages = {71},
	acmid = {1782895},
	publisher = {Springer-Verlag},
	address = {Berlin, Heidelberg},
} 

@misc{Phaller:2015,
	title  = "DD2488 - Compiler Construction",
	author = "Phillp Phaller",
	note   = "Available at: \url{http://www.csc.kth.se/~phaller/compilers/} [Accessed 27th May 2015]",
	organization = "KTH - Royal Institute of Technology",
	type = "html",
	howpublished = "online",
	year   = "2015"
}



